@article{cuadroszegarra2024jsan,
  author       = {Emil E. Cuadros{-}Zegarra and
                  Dennis Barrios{-}Aranibar and
                  Yudith Cardinale},
  title        = {IoRT-Based Middleware for Heterogeneous Multi-Robot Systems},
  journal      = {J. Sens. Actuator Networks},
  volume       = {13},
  number       = {6},
  pages        = {87},
  year         = {2024},
  url          = {https://doi.org/10.3390/jsan13060087},
  doi          = {10.3390/JSAN13060087},
  timestamp    = {Thu, 01 May 2025 20:34:32 +0200},
  biburl       = {https://dblp.org/rec/journals/jsan/CuadrosZegarraBC24.bib},
  bibsource    = {dblp computer science bibliography, https://dblp.org}
}

@article{ayaida2022fi,
  author       = {Marwane Ayaida and
                  Nadhir Messai and
                  Fr{\'{e}}d{\'{e}}ric Valentin and
                  Dimitri Marcheras},
  title        = {TalkRoBots: {A} Middleware for Robotic Systems in Industry 4.0},
  journal      = {Future Internet},
  volume       = {14},
  number       = {4},
  pages        = {109},
  year         = {2022},
  url          = {https://doi.org/10.3390/fi14040109},
  doi          = {10.3390/FI14040109},
  timestamp    = {Wed, 18 May 2022 10:21:25 +0200},
  biburl       = {https://dblp.org/rec/journals/fi/AyaidaMVM22.bib},
  bibsource    = {dblp computer science bibliography, https://dblp.org}
}

@article{rodrigues2022jss,
  author       = {Gabriel S. Rodrigues and
                  Ricardo Caldas and
                  Gabriel F. P. Araujo and
                  Vicente de Moraes and
                  Gena{\'{\i}}na Nunes Rodrigues and
                  Patrizio Pelliccione},
  title        = {An architecture for mission coordination of heterogeneous robots},
  journal      = {J. Syst. Softw.},
  volume       = {191},
  pages        = {111363},
  year         = {2022},
  url          = {https://doi.org/10.1016/j.jss.2022.111363},
  doi          = {10.1016/J.JSS.2022.111363},
  timestamp    = {Mon, 30 Dec 2024 00:10:10 +0100},
  biburl       = {https://dblp.org/rec/journals/jss/RodriguesCAMRP22.bib},
  bibsource    = {dblp computer science bibliography, https://dblp.org}
}

@inproceedings{rossi2020iros,
  author       = {Federico Rossi and
                  Tiago Stegun Vaquero and
                  Marc Sanchez Net and
                  Ma{\'{\i}}ra Saboia da Silva and
                  Joshua Vander Hook},
  title        = {The Pluggable Distributed Resource Allocator {(PDRA):} a Middleware
                  for Distributed Computing in Mobile Robotic Networks},
  booktitle    = {{IEEE/RSJ} International Conference on Intelligent Robots and Systems,
                  {IROS} 2020, Las Vegas, NV, USA, October 24, 2020 - January 24, 2021},
  pages        = {4337--4344},
  publisher    = {{IEEE}},
  year         = {2020},
  url          = {https://doi.org/10.1109/IROS45743.2020.9341205},
  doi          = {10.1109/IROS45743.2020.9341205},
  timestamp    = {Sat, 06 Aug 2022 22:05:44 +0200},
  biburl       = {https://dblp.org/rec/conf/iros/RossiVNSH20.bib},
  bibsource    = {dblp computer science bibliography, https://dblp.org}
}

@inproceedings{nogueira2024icsm,
  author       = {Vinicius L. Nogueira and
                  Fernando S. Felizardo and
                  Aline M. M. M. Amaral and
                  Wesley K. G. Assun{\c{c}}{\~{a}}o and
                  Thelma Elita Colanzi},
  title        = {Insights on Microservice Architecture Through the Eyes of Industry
                  Practitioners},
  booktitle    = {{IEEE} International Conference on Software Maintenance and Evolution,
                  {ICSME} 2024, Flagstaff, AZ, USA, October 6-11, 2024},
  pages        = {765--777},
  publisher    = {{IEEE}},
  year         = {2024},
  url          = {https://doi.org/10.1109/ICSME58944.2024.00080},
  doi          = {10.1109/ICSME58944.2024.00080},
  timestamp    = {Tue, 01 Apr 2025 19:07:52 +0200},
  biburl       = {https://dblp.org/rec/conf/icsm/NogueiraFAAE24.bib},
  bibsource    = {dblp computer science bibliography, https://dblp.org}
}

@inproceedings{venanzi2021globecom,
  author       = {Riccardo Venanzi and
                  Alberto Cavalucci and
                  Luca Foschini and
                  Paolo Bellavista},
  title        = {{MIINT:} Middleware for IIoT Platforms Integration},
  booktitle    = {{IEEE} Global Communications Conference, {GLOBECOM} 2021, Madrid,
                  Spain, December 7-11, 2021},
  pages        = {1--6},
  publisher    = {{IEEE}},
  year         = {2021},
  url          = {https://doi.org/10.1109/GLOBECOM46510.2021.9685653},
  doi          = {10.1109/GLOBECOM46510.2021.9685653},
  timestamp    = {Sun, 12 Feb 2023 18:48:31 +0100},
  biburl       = {https://dblp.org/rec/conf/globecom/VenanziC0B21.bib},
  bibsource    = {dblp computer science bibliography, https://dblp.org}
}

@article{DBLP:journals/ras/SchrickHTK25,
  author       = {Manuel Schrick and
                  Johannes Hinckeldeyn and
                  Marko Thiel and
                  Jochen Kreutzfeldt},
  title        = {A microservice based control architecture for mobile robots in safety-critical
                  applications},
  journal      = {Robotics Auton. Syst.},
  volume       = {183},
  pages        = {104795},
  year         = {2025},
  url          = {https://doi.org/10.1016/j.robot.2024.104795},
  doi          = {10.1016/J.ROBOT.2024.104795},
  timestamp    = {Sun, 22 Dec 2024 15:49:36 +0100},
  biburl       = {https://dblp.org/rec/journals/ras/SchrickHTK25.bib},
  bibsource    = {dblp computer science bibliography, https://dblp.org}
}

@article{DBLP:journals/ras/XiaZWCL18,
  author       = {Chongkun Xia and
                  Yunzhou Zhang and
                  Lei Wang and
                  Sonya Coleman and
                  Yanbo Liu},
  title        = {Microservice-based cloud robotics system for intelligent space},
  journal      = {Robotics Auton. Syst.},
  volume       = {110},
  pages        = {139--150},
  year         = {2018},
  url          = {https://doi.org/10.1016/j.robot.2018.10.001},
  doi          = {10.1016/J.ROBOT.2018.10.001},
  timestamp    = {Thu, 07 Aug 2025 07:37:53 +0200},
  biburl       = {https://dblp.org/rec/journals/ras/XiaZWCL18.bib},
  bibsource    = {dblp computer science bibliography, https://dblp.org}
}